<?xml version="1.0" encoding="UTF-8"?><collection xmlns="http://www.loc.gov/MARC21/slim"><record><leader>00779nam--2200193-i-4500</leader><controlfield tag="001">000042671</controlfield><controlfield tag="002">20161230</controlfield><controlfield tag="005">20161230201043</controlfield><controlfield tag="008">060222s1000------------r-----000-0-eng-d</controlfield><datafield ind1=" " ind2=" " tag="040"><subfield code="a">IFIN-HH</subfield></datafield><datafield ind1=" " ind2=" " tag="080"><subfield code="a">524.4(061.3)</subfield></datafield><datafield ind1="1" ind2=" " tag="100"><subfield code="a">Ruprecht, J</subfield></datafield><datafield ind1="1" ind2="0" tag="245"><subfield code="a">Star clusters and associations and their relation to the evolution of the galaxy 5-th conference of the subcommission no.6 physics and evolution of stars</subfield><subfield code="c">J. ruprecht, j. palous (eds.)</subfield></datafield><datafield ind1=" " ind2=" " tag="260"><subfield code="a">Praha</subfield><subfield code="b">Committee Of Multilateral Cooperation Of The Academies Of Sciences Of The Socialist Countries</subfield><subfield code="c">1983</subfield></datafield><datafield ind1=" " ind2=" " tag="300"><subfield code="a">XIII + 301 P</subfield></datafield><datafield ind1=" " ind2=" " tag="490"><subfield code="a">Publications Of The Astronomical Institute Of The Czechoslovak Acadademy Of Sciences</subfield></datafield><datafield ind1="1" ind2=" " tag="700"><subfield code="a">Palous, J</subfield><subfield code="e">Ed</subfield></datafield><datafield ind1=" " ind2=" " tag="852"><subfield code="a">73030</subfield><subfield code="c">523</subfield></datafield><datafield ind1=" " ind2=" " tag="CAT"><subfield code="a">Sys</subfield><subfield code="c">20141205</subfield><subfield code="h">161613</subfield></datafield></record></collection>